@article{matthews2016global,
	title={Global plate boundary evolution and kinematics since the late Paleozoic},
	author={Matthews, Kara J and Maloney, Kayla T and Zahirovic, Sabin and Williams, Simon E and Seton, Maria and Mueller, R Dietmar},
	journal={Global and Planetary Change},
	volume={146},
	pages={226--250},
	year={2016},
	publisher={Elsevier}
}

@article{peters2016paleobiology,
	title={The Paleobiology Database application programming interface},
	author={Peters, Shanan E and McClennen, Michael},
	journal={Paleobiology},
	volume={42},
	number={1},
	pages={1--7},
	year={2016},
	publisher={Cambridge University Press}
}

